@ARTICLE{970558, 
author={Pedersen, T.B. and Jensen, C.S.}, 
journal={Computer}, title={Multidimensional database technology}, 
year={2001}, 
month=dec, 
volume={34}, 
number={12}, 
pages={40 -46}, 
keywords={continuous updates;decision making;distributed data;facts;interactive data analysis;multidimensional cubes;multidimensional database technology;numerical measures;preaggregation;queries;textual dimensions;data analysis;data mining;data warehouses;decision support systems;query processing;}, 
doi={10.1109/2.970558}, 
ISSN={0018-9162},}